@inproceedings{kukelova2016efficient,
	title={Efficient intersection of three quadrics and applications in computer vision},
	author={Kukelova, Zuzana and Heller, Jan and Fitzgibbon, Andrew},
	booktitle={Proceedings of the IEEE Conference on Computer Vision and Pattern Recognition},
	pages={1799--1808},
	year={2016}
}
@book{kunz2013,
  title={Einf{\"u}hrung in die algebraische Geometrie},
  author={Kunz, E.},
  isbn={9783322803139},
  series={vieweg studium; Aufbaukurs Mathematik},
  url={https://books.google.de/books?id=d9whBgAAQBAJ},
  year={2013},
  publisher={Vieweg+Teubner Verlag}
}
@article{masser1983fields,
  title={Fields of large transcendence degree generated by values of elliptic functions},
  author={Masser, David W and W{\"u}stholz, Gisbert},
  journal={Inventiones mathematicae},
  volume={72},
  number={3},
  pages={407--464},
  year={1983},
  publisher={Springer}
}
@book{kunz2012introduction,
  title={Introduction to Commutative Algebra and Algebraic Geometry},
  author={Kunz, E.},
  isbn={9781461459873},
  series={Modern Birkh{\"a}user Classics},
  url={https://books.google.de/books?id=4jsbXKkfpsEC},
  year={2012},
  publisher={Springer New York}
}